<record><leader>00000cas a22000007a 4500</leader><controlfield tag="001">9213107</controlfield><controlfield tag="008">830211d18351836mauwr ne      0    0eng d</controlfield><controlfield tag="009">3768</controlfield><datafield ind1=" " ind2=" " tag="010"><subfield code="a">sn 83020004 </subfield></datafield><datafield ind1=" " ind2=" " tag="040"><subfield code="a">NPX</subfield><subfield code="b">eng</subfield><subfield code="c">NPX</subfield><subfield code="d">DLC</subfield><subfield code="d">MGN</subfield><subfield code="d">DLC</subfield><subfield code="d">OCLCA</subfield><subfield code="d">OCLCF</subfield></datafield><datafield ind1="1" ind2=" " tag="029"><subfield code="a">AU@</subfield><subfield code="b">000025786641</subfield></datafield><datafield ind1=" " ind2=" " tag="042"><subfield code="a">msc</subfield></datafield><datafield ind1=" " ind2=" " tag="043"><subfield code="a">n-us-ma</subfield></datafield><datafield ind1="0" ind2="0" tag="050"><subfield code="a">Newspaper</subfield></datafield><datafield ind1="0" ind2="0" tag="245"><subfield code="a">Lowell journal and Mercury.</subfield></datafield><datafield ind1="1" ind2="3" tag="246"><subfield code="a">Journal and Mercury</subfield></datafield><datafield ind1=" " ind2=" " tag="260"><subfield code="a">Lowell, Mass. :</subfield><subfield code="b">Huntress &amp; Knowlton</subfield></datafield><datafield ind1=" " ind2=" " tag="300"><subfield code="a">v.</subfield></datafield><datafield ind1=" " ind2=" " tag="310"><subfield code="a">Weekly</subfield></datafield><datafield ind1="0" ind2=" " tag="362"><subfield code="a">Vol. 9, no. 51 (Feb. 13, 1835)-</subfield></datafield><datafield ind1="1" ind2=" " tag="362"><subfield code="a">Ceased in 1836.</subfield></datafield><datafield ind1=" " ind2=" " tag="515"><subfield code="a">Issues for Feb. 13, 1835-    called also Mercury v. 6, no. 7-</subfield></datafield><datafield ind1=" " ind2=" " tag="580"><subfield code="a">Triweekly ed.: Lowell courier (Lowell, Mass. : 1835).</subfield></datafield><datafield ind1=" " ind2="0" tag="651"><subfield code="a">Lowell (Mass.)</subfield><subfield code="v">Newspapers.</subfield></datafield><datafield ind1=" " ind2="7" tag="655"><subfield code="a">Newspapers.</subfield><subfield code="2">fast</subfield><subfield code="0">(OCoLC)fst01423814</subfield></datafield><datafield ind1=" " ind2="7" tag="651"><subfield code="a">Massachusetts</subfield><subfield code="z">Lowell.</subfield><subfield code="2">fast</subfield><subfield code="0">(OCoLC)fst01204704</subfield></datafield><datafield ind1=" " ind2=" " tag="752"><subfield code="a">United States</subfield><subfield code="b">Massachusetts</subfield><subfield code="c">Middlesex</subfield><subfield code="d">Lowell.</subfield></datafield><datafield ind1="1" ind2=" " tag="775"><subfield code="t">Lowell courier (Lowell, Mas. : 1835)</subfield><subfield code="w">(DLC)sn 83020175</subfield><subfield code="w">(OCoLC)9291407</subfield></datafield><datafield ind1="0" ind2="4" tag="780"><subfield code="t">Lowell journal (Lowell, Mass. : 1827)</subfield><subfield code="w">(DLC)sn 83020089</subfield><subfield code="w">(OCoLC)2263700</subfield></datafield><datafield ind1="0" ind2="4" tag="780"><subfield code="t">Lowell Mercury</subfield><subfield code="w">(DLC)sn 83020128</subfield><subfield code="w">(OCoLC)9270721</subfield></datafield><datafield ind1="0" ind2="0" tag="785"><subfield code="t">Lowell journal (Lowell, Mass. : 1836)</subfield><subfield code="w">(DLC)sn 83020212</subfield><subfield code="w">(OCoLC)9293516</subfield></datafield></record>